%% This BibTeX bibliography file was created using BibDesk.
%% http://bibdesk.sourceforge.net/

%% Created for Johannes Magnusson at 2015-09-07 13:28:44 +0000 


%% Saved with string encoding Unicode (UTF-8) 



@webpage{wma:2013aa,
	Date-Added = {2015-09-07 13:26:51 +0000},
	Date-Modified = {2015-09-07 13:28:26 +0000},
	Keywords = {64th WMA General Assembly, Fortaleza, Brazil},
	Lastchecked = {2015-09-05},
	Month = {October},
	Organization = {World Medical Association},
	Title = {WMA Declaration of Helsinki - Ethical Principles for Medical Research Involving Human Subjects},
	Url = {http://www.wma.net/en/30publications/10policies/b3/},
	Year = {2013}}

@webpage{vsn:2015:aa,
	Date-Added = {2015-09-07 13:25:28 +0000},
	Date-Modified = {2015-09-07 13:26:33 +0000},
	Keywords = {Viðmið Uppl{\'y}st samþykki},
	Lastchecked = {2015-09-05},
	Title = {Uppl{\'y}st samþykki},
	Url = {http://www.vsn.is/is/content/upplýst-samþykki}}

@webpage{velferd:2014aa,
	Abstract = {Þann 16. ma{\'\i} 2014 voru samþykkt {\'a} Alþingi n{\'y} l{\"o}g um v{\'\i}sindaranns{\'o}knir {\'a} heilbrigðissviði, nr. 44/2014. Markmið laganna er að stuðla að v{\"o}nduðum v{\'\i}sindaranns{\'o}knum {\'a} heilbrigðissviði og tryggja hagsmuni þ{\'a}tttakenda.
 
Samkv{\ae}mt 34. gr. laganna er r{\'a}ðherra heimilt að setja reglugerðir um n{\'a}nari framkv{\ae}md laganna, meðal annars um {\'\i} hvaða tilfellum og með hvaða h{\ae}tti tilkynna eigi þ{\'a}tttakanda {\'\i} v{\'\i}sindaranns{\'o}kn um mikilv{\ae}ga þ{\ae}tti sem koma fram við gerð ranns{\'o}knar og varða heilsu hans. {\'I} nefndar{\'a}liti velferðarnefndar Alþingis um frumvarp til laga um v{\'\i}sindaranns{\'o}knir {\'a} heilbrigðissviði kemur fram að mikilv{\ae}gt s{\'e} að settar verði reglur um þessi atriði. Að {\'y}msum sj{\'o}narmiðum þarf að huga hvað þetta varðar, meðal annars að r{\'e}tti þ{\'a}tttakenda til að vita eða vita ekki um tiltekin atriði sem hugsanlega koma fram um heilsu viðkomandi, hver skuli taka {\'a}kv{\"o}rðun um hvort veita beri uppl{\'y}singar, hver skuli veita uppl{\'y}singar og hvernig viðeigandi r{\'a}ðgj{\"o}f verði tryggð.},
	Date-Added = {2015-09-07 13:24:06 +0000},
	Date-Modified = {2015-09-07 13:25:11 +0000},
	Lastchecked = {2015-09-05},
	Month = {Ma{\'\i}},
	Title = {Starfsh{\'o}pur til að undirb{\'u}a reglugerð um tilkynningar til þ{\'a}tttakenda {\'\i} v{\'\i}sindaranns{\'o}knum {\'a} heilbrigðissviði},
	Url = {http://www.velferdarraduneyti.is/raduneyti/nefndir-rad-stjornir/nr/34967},
	Year = {2014}}

@webpage{visir:2014aa,
	Abstract = {K{\'a}ri Stef{\'a}nsson, forstj{\'o}ri {\'I}slenskrar erfðagreiningar, telur að n{\'y}ta eigi dulk{\'o}ðuð g{\"o}gn {\'I}slenskrar erfðagreiningar til að uppl{\'y}sa þ{\'a} {\'I}slendinga sem bera st{\"o}kkbreytingu {\'\i} BRCA2-geni. Deilt er um {\'u}tf{\ae}rslur þess að l{\'a}ta f{\'o}lk vita hvort það s{\'e} arfberar. Salv{\"o}r Nordal segir mikilv{\ae}gt að farið s{\'e} varlega {\'\i} að uppl{\'y}sa f{\'o}lk um {\'a}h{\ae}ttu. K{\'a}ri tekur sterkt til orða: "Við l{\'a}tum ekki f{\'o}lk deyja þegar við getum komið {\'\i} veg fyrir það."

Þrj{\'u} hundruð {\'I}slendingar, b{\ae}ði karlar og konur, hafa fengið {\'u}r þv{\'\i} sk orið að þeir beri st{\"o}kkbreytinguna og Vigd{\'\i}s Stef{\'a}nsd{\'o}ttir hj{\'a} erfðar{\'a}ðgj{\"o}f LSH segir flesta þ{\'a} s
Þrj{\'u} hundruð {\'I}slendingar, b{\ae}ði karlar og konur, hafa fengið {\'u}r þv{\'\i} sk

orið að þeir beri st{\"o}kkbreytinguna og Vigd{\'\i}s Stef{\'a}nsd{\'o}ttir hj{\'a} erfðar{\'a}ðgj{\"o}f LSH segir flesta þ{\'a} sem koma til r{\'a}ðgjafar vita af fj{\"o}lskyldus{\"o}gu um krabbamein og þv{\'\i} þurfi ekki s{\'e}rstaklega að aðvara þ{\'a}. "Það hafa allir r{\'e}tt {\'a} uppl{\'y}singunum. Þeir eiga að f{\'a} að vita sem vilja. En það er ekki hlutverk heilbrigðisstofnunar að leita uppi f{\'o}lk með sj{\'u}kd{\'o}ma," segir Vigd{\'\i}s.

Þarf ekki að vara alla við

Salv{\"o}r Nordal segir að það þurfi að l{\'\i}ta til þess að þ{\'o} að h{\ae}gt s{\'e} að pers{\'o}nugreina 2.400 einstaklinga sem kunni að hafa st{\"o}kkbreytinguna þurfi þessir einstaklingar að fara {\'\i} s{\'e}rstakt erfðapr{\'o}f til að f{\'a} {\"o}rugga niðurst{\"o}ðu. "Eins og kom fram hj{\'a} Vigd{\'\i}si {\'\i} viðtali við Fr{\'e}ttablaðið n{\'y}verið er l{\'\i}klegt að flestir þeir sem eru {\'\i} fj{\"o}lskyldum þar sem {\'a}h{\ae}ttan {\'a} brj{\'o}stakrabbameini er mikil geri s{\'e}r grein fyrir þv{\'\i} að þeir kunni að vera {\'\i} aukinni {\'a}h{\ae}ttu og þv{\'\i} þurfi ekki s{\'e}rstaklega að aðvara þ{\'a}. {\'I} {\"o}ðru lagi er mikilv{\ae}gt að við s{\'e}um b{\'u}in að hugsa til enda {\'a}ður en 2.400 einstaklingum er tilkynnt að þeir kunni að hafa st{\"o}kkbreytinguna og hvernig við {\ae}tlum að bregðast við. Við verðum til að mynda að spyrja hvort við getum gert nauðsynlega erfðapr{\'o}fið strax, veitt viðkomandi nauðsynlega erfðar{\'a}ðgj{\"o}f og eftirfylgni s{\'e} þess {\'o}skað."

H{\ae}ttan er hin sama hj{\'a} {\"o}llum

K{\'a}ri segir það mikinn misskilning hj{\'a} Vigd{\'\i}si og Salv{\"o}ru að f{\'o}lk með st{\"o}kkbreytingar {\'\i} þessum genum sem eru {\'\i} fj{\"o}lskyldum þar sem margir hafa fengið krabbamein viti að þeir s{\'e}u {\'\i} h{\ae}ttu, auk þess s{\'e} það ekki r{\'e}tt að heilbrigðisstofnun eigi ekki að leita uppi f{\'o}lk með sj{\'u}kd{\'o}ma.

"Heilbrigðiskerfi um allan heim eru farin sn{\'u}ast {\'u}r þv{\'\i} að vera inngrip {\'\i} það að byggja {\'a} forv{\"o}rnum. Það er gefið {\'\i} skyn að þeir sem eru {\'\i} fj{\"o}lskyldum þar sem ekki hefur verið mikið krabbamein s{\'e}u ekki {\'\i} eins mikilli h{\ae}ttu. Það er bara bull vegna þess að h{\ae}ttan er hin sama hj{\'a} {\"o}llum.

Hvers vegna h{\"o}fum við ekki samband við þetta f{\'o}lk, v{\"o}rum það við svo við getum bjargað l{\'\i}fi þeirra? H{\'u}n Vigd{\'\i}s segir þ{\'e}r að það s{\'e}u 300 manns sem {\'\i} hafi fundist st{\"o}kkbreytingar {\'\i} BRC2-geni. Staðreyndin er s{\'u} að við b{\'u}um að þv{\'\i} að við g{\ae}tum fund

ið alla þ{\'a} 2.400 sem kunna að hafa þessa st{\"o}kkbreytingu bara með þv{\'\i} að {\'y}ta {\'a} einn takka."

80% l{\'\i}kur {\'a} krabbameini

K{\'a}ri {\'u}tsk{\'y}rir frekar hvers vegna ekki er h{\ae}gt að meta h{\ae}ttuna {\'\i} einst{\"o}kum fj{\"o}lskyldum. "Við h{\"o}fum ekki t{\"o}lfr{\ae}ðilega getu til þess. Allir þeir sem eru með þessa st{\"o}kkbreytingu eru með 80% l{\'\i}kur {\'a} krabbameini." Hann segir skerðingu {\'a} l{\'\i}fsg{\ae}ðum arfbera geta verið mikla og þv{\'\i} mikið {\'\i} h{\'u}fi.

Þeir sem vilja vita fari {\'\i} pr{\'o}f

Salv{\"o}r er spurð að þv{\'\i} hvort það r{\'e}ttl{\ae}ti ekki uppl{\'y}singagj{\"o}f til arfbera þegar l{\'\i}kur {\'a} banv{\ae}nu krabbameini minnka {\'u}r 80% {\'\i} 5% við forvarnaraðgerðir. H{\'u}n segir mikilv{\ae}gt að f{\'o}lk geri s{\'e}r grein fyrir þv{\'\i} að það geti fengið þessar uppl{\'y}singar ef það {\'o}skar eftir þeim. "{\'E}g fagna þv{\'\i} allri opinberri

umr{\ae}ðu um þessi m{\'a}l þv{\'\i} h{\'u}n er nauðsynleg til að uppl{\'y}sa almenning um hvert hann geti leitað og hvaða {\'u}rr{\ae}ði eru m{\"o}guleg. {\'E}g held að ekkert standi {\'\i} vegi fyrir þv{\'\i} að þeir sem vilja fara {\'\i} erfðapr{\'o}f og f{\'a} staðfest hvort þeir hafa BRCA eða ekki geti fengið að fara {\'\i} sl{\'\i}k pr{\'o}f."

H{\'u}n segir siðfr{\ae}ði samt{\'\i}mans leggja mikið upp {\'u}r sj{\'a}lfr{\ae}ði einstaklinga. "Reynslan hefur s{\'y}nt að ekki vilja allir, sem eru {\'\i} fj{\"o}lskyldum þar sem {\'a}h{\ae}tta er mikil, f{\'a} uppl{\'y}singar um hvort þeir beri genið og að þeir vilja r{\'a}ða þv{\'\i} sj{\'a}lfir hven{\ae}r þeir f{\'a} uppl{\'y}singarnar. Það að vera {\'\i} aukinni {\'a}h{\ae}ttu segir ekki til um hven{\ae}r f{\'o}lk f{\ae}r sj{\'u}kd{\'o}minn eða jafnvel ekki hvort það f{\ae}r hann. Það geta verið mj{\"o}g r{\'e}ttm{\ae}tar {\'a}st{\ae}ður fyrir þv{\'\i} að vilja ekki vita eða vilja fresta þv{\'\i} að f{\'a} svona uppl{\'y}singar, t.d. þegar um er að r{\ae}ða ungar konur sem hyggja {\'a} barneignir eða eru jafnvel með barn {\'a} brj{\'o}sti. Aðrir geta verið að gl{\'\i}ma við {\"o}nnur veikindi eða erfiðleika {\'\i} l{\'\i}finu og kj{\'o}sa af þeim s{\"o}kum að n{\'y}ta s{\'e}r r{\'e}ttinn til að vita ekki. {\'I} {\"o}llu falli er h{\'e}r ekki um að r{\ae}ða r{\'e}tt til að lifa {\'\i} vanþekkingu

heldur r{\'e}tt til að hafna þv{\'\i} að f{\'a} tilteknar uppl{\'y}singar {\'a} tilteknum t{\'\i}ma."

Getum ekki l{\'a}tið f{\'o}lk deyja

K{\'a}ra finnst m{\'a}lflutningur þeirra sem vilja fyrst og fremst virða r{\'e}tt f{\'o}lks til að vita ekki skr{\'\i}tinn.

"Þetta er feikilega gott f{\'o}lk sem vill vel. {\'E}g hef stundum {\'\i} tilfinningahita {\'u}t af þessu m{\'a}li sagt hluti sem benda til þess að m{\'e}r finnist annað. En það er ekki r{\'e}tt. En {\'e}g held að það hafi slegið saman v{\'\i}rum hj{\'a} þv{\'\i} vegna þess að við l{\'a}tum ekki f{\'o}lk deyja þegar við getum komið {\'\i} veg fyrir það. Ekki ein einasta kona með þessa st{\"o}kkbreytingu hefði ekki viljað vitað þetta fyrir til að koma {\'\i} veg fyrir krabbamein. Það m{\'a} vel vera að einstaka kona myndi segja nei við þv{\'\i} {\'\i} dag. En h{\'u}n myndi sj{\'a} eftir þv{\'\i} v{\ae}ri h{\'u}n að b{\'\i}ða dauðans."

Brj{\'o}stn{\'a}m ekki {\'a}n {\'a}h{\ae}ttu

Salv{\"o}r segir þ{\'a} sem starfa hj{\'a} Siðfr{\ae}ðistofnun hafa talað fyrir þv{\'\i} að farið s{\'e} varlega {\'\i} þessum efnum og r{\'e}ttur f{\'o}lks b{\ae}ði til að vita og vita ekki s{\'e} virtur. "Mikil

v{\ae}gt er að gera f{\'o}lki kleift að f{\'a} þessar uppl{\'y}singar {\'\i} gegnum heilbrigðiskerfið þar sem r{\'a}ðgj{\"o}f er til staðar fremur en að þ{\ae}r s{\'e}u sendar beint til þeirra. Einnig ber að l{\'\i}ta til þess að brj{\'o}stn{\'a}m er mikið inngrip {\'\i} sj{\'a}lfu s{\'e}r og ekki {\'a}n {\'a}h{\ae}ttu. Þ{\'a} m{\'a} ekki gleyma þv{\'\i} að þekkingu og aðferðum {\'\i} l{\ae}knisfr{\ae}ði fleygir fram og m{\"o}gulega verða komnar n{\'y}jar og betri leiðir en brj{\'o}stn{\'a}m til að bregðast við þessari {\'a}h{\ae}ttu eftir einhver {\'a}r."

Eigum að virða l{\'\i}f f{\'o}lks

K{\'a}ri segist telja deilur um miðl{\ae}gan gagnagrunn sk{\'y}ra andst{\"o}ðu gegn þv{\'\i} að miðla uppl{\'y}singum til f{\'o}lks. "Við eigum að eiga greiðari aðgang að hjartanu okkar. Við eigum að geta brugðist við af meiri v{\ae}ntumþykju og virðingu við l{\'\i}f f{\'o}lks."},
	Date-Added = {2015-09-07 13:21:35 +0000},
	Date-Modified = {2015-09-07 13:23:13 +0000},
	Keywords = {Decode BRCA2},
	Lastchecked = {2015-09-05},
	Month = {12},
	Title = {Koma m{\'a} {\'\i} veg fyrir andl{\'a}t f{\'o}lks með st{\"o}kkbreytingu {\'\i} BRCA2-geni},
	Url = {http://vefblod.visir.is/index.php?s=8713&p=185513},
	Year = {2014}}

@webpage{vb:2012aa,
	Abstract = {Stefnt er að þv{\'\i} kaup Amgen {\'a} {\'I}slenskri erfðagreiningu gangi {\'\i} gegn fyrir {\'a}ram{\'o}tin.
Samkomulag hefur n{\'a}ðst um að bandar{\'\i}ska l{\'\i}ft{\ae}kni- og lyfjaframleiðslufyrirt{\ae}kið Amgen kaupi allt hlutaf{\'e} m{\'o}ðurf{\'e}lags {\'I}slenskrar erfðagreiningar. Kaupverðið nemur 415 millj{\'o}num dala, jafnvirði 52 milljarða {\'\i}slenskra kr{\'o}na. Kaupin voru samþykkt einr{\'o}ma {\'\i} stj{\'o}rn Amgen og verður kaupverðið greitt að fullu {\'\i} reiðuf{\'e}. Gert er r{\'a}ð fyrir þv{\'\i} að kaupin gangi {\'\i} gegn fyrir {\'a}ram{\'o}t. 

{\'I} tilkynningu um kaupin var haft eftir Robert A. Bradway, forstj{\'o}ra Amgen, að þekkingarbrunnur {\'I}slenskrar erfðagreiningar muni auka getu Amgen til þess að greina sj{\'u}kd{\'o}msvalda og afmarka þ{\'a} þ{\ae}tti sem orðið geta til l{\ae}kninga. Þ{\'a} spari kaupin Amgen um leið b{\ae}ði t{\'\i}ma og fj{\'a}rmuni {\'\i} {\'o}markvissum ﻿verkefnum.},
	Date-Added = {2015-09-07 13:19:43 +0000},
	Date-Modified = {2015-09-07 13:21:02 +0000},
	Lastchecked = {2015-09-05},
	Month = {December},
	Title = {{\'I}slensk erfðagreining seld fyrir 52 milljarða},
	Url = {http://vb.is/frettir/78946/},
	Year = {2012}}

@webpage{techreview:2015aa,
	Date-Added = {2015-09-07 13:18:41 +0000},
	Date-Modified = {2015-09-07 13:19:28 +0000},
	Lastchecked = {2015-09-05},
	Month = {March},
	Title = {Genome Study Predicts DNA of the Whole of Iceland},
	Url = {http://www.technologyreview.com/news/536096/genome-study-predicts-dna-of-the-whole-of-iceland/},
	Year = {2015}}

@webpage{rannsokn:2013aa,
	Date-Added = {2015-09-07 13:17:21 +0000},
	Date-Modified = {2015-09-07 13:18:23 +0000},
	Lastchecked = {2015-09-05},
	Organization = {Þj{\'o}nustumiðst{\"o}ð ranns{\'o}knaverkefna},
	Title = {{\'I}slenskt l{\'\i}fs{\'y}nasafn},
	Url = {http://www.rannsokn.is/wp-content/uploads/2013/10/5-lyfsinasafnWEBSITE.pdf},
	Year = {2013}}

@webpage{rannsokn:2015aa,
	Date-Added = {2015-09-07 13:14:59 +0000},
	Date-Modified = {2015-09-07 13:15:58 +0000},
	Lastchecked = {2015-09-05},
	Organization = {Þj{\'o}nustumiðst{\"o}ð ranns{\'o}knaverkefna},
	Url = {http://www.rannsokn.is/rannsoknir/},
	Year = {2015}}

@webpage{stanford:2015aa,
	Date-Added = {2015-09-07 13:14:00 +0000},
	Date-Modified = {2015-09-07 13:14:45 +0000},
	Keywords = {Informed Consent},
	Lastchecked = {2015-09-05},
	Organization = {Stanford Encyclopedia of Philosophy},
	Url = {http://plato.stanford.edu/entries/informed-consent/},
	Year = {2015}}

@webpage{landlaeknir:2007:aa,
	Date-Added = {2015-09-07 13:12:30 +0000},
	Date-Modified = {2015-09-07 13:16:16 +0000},
	Lastchecked = {2015-09-05},
	Title = {{\'I}slenskt l{\'\i}fs{\'y}nasafn ({\'I}L) hj{\'a} {\'I}slenskri erfðagreiningu},
	Url = {http://www.landlaeknir.is/servlet/file/store93/item2220/3105.pdf},
	Urldate = {2007-03-01},
	Year = {2007}}

@webpage{landlaeknir:2015aa,
	Date-Added = {2015-09-07 13:11:16 +0000},
	Date-Modified = {2015-09-07 13:12:12 +0000},
	Lastchecked = {2015-09-05},
	Organization = {Emb{\ae}ttis landl{\ae}knis},
	Title = {L{\'\i}fs{\'y}nas{\"o}fn},
	Url = {http://www.landlaeknir.is/gaedi-og-eftirlit/notendur-heilbrigdisthjonustu/lifsynasofn/},
	Year = {2015}}

@webpage{irdrc:2015aa,
	Date-Added = {2015-09-07 13:09:00 +0000},
	Date-Modified = {2015-09-07 13:10:58 +0000},
	Lastchecked = {2015-09-05},
	Organization = {International Rare Diseases Research Consortium},
	Title = {BBMRI-ERIC: the European Research Infrastructure Consortium to harmonize biobanking and boost research across Europe},
	Url = {http://www.irdirc.org/bbmri-eric-the-european-research-infrastructure-consortium-to-harmonize-biobanking-and-boost-research-across-europe/},
	Year = {2015}}

@webpage{decode:2015aa,
	Date-Added = {2015-09-07 13:07:41 +0000},
	Date-Modified = {2015-09-07 13:08:25 +0000},
	Keywords = {{\'I}slensk erfðagreining},
	Lastchecked = {2015-09-05},
	Url = {http://decode.is},
	Year = {2015}}

@webpage{bioethics:1999,
	Date-Added = {2015-09-07 13:02:59 +0000},
	Date-Modified = {2015-09-07 13:16:42 +0000},
	Lastchecked = {2015-09-05},
	Organization = {National Bioethics Advisory Commission},
	Title = {Research involving human biological materials: Ethical issues and policy guidance},
	Url = {https://bioethicsarchive.georgetown.edu/nbac/hbm.pdf},
	Urldate = {August 1999},
	Volume = {1},
	Volumetitle = {Report and Recommendations of the National Bioethics Advisory Commission},
	Year = {1999}}

@webpage{althingi:2009:55,
	Date-Added = {2015-09-07 13:01:55 +0000},
	Date-Modified = {2015-09-07 13:02:56 +0000},
	Keywords = {2009 nr. 55 27. apr{\'\i}l},
	Title = {L{\"o}g um sj{\'u}kraskr{\'a}r},
	Url = {http://www.althingi.is/lagas/nuna/2009055.html},
	Year = {2009}}

@webpage{althingi:2014:44,
	Date-Added = {2015-09-07 12:59:58 +0000},
	Date-Modified = {2015-09-07 13:01:14 +0000},
	Keywords = {2014 nr. 44 24. ma{\'\i}},
	Title = {L{\"o}g um v{\'\i}sindaranns{\'o}knir {\'a} heilbrigðissviði},
	Url = {http://www.althingi.is/lagas/144a/2014044.html},
	Year = {2014}}

@webpage{althingi:2000:110,
	Date-Added = {2015-09-07 12:53:40 +0000},
	Date-Modified = {2015-09-07 13:01:47 +0000},
	Keywords = {2000 nr. 110 25. ma{\'\i}},
	Title = {L{\"o}g um l{\'\i}fs{\'y}nas{\"o}fn og s{\"o}fn heilbrigðisuppl{\'y}singa},
	Url = {http://www.althingi.is/lagas/nuna/2000110.html},
	Year = {2000},
	Bdsk-Url-1 = {http://www.althingi.is/lagas/nuna/2000110.html}}

@article{ma2012international,
	Author = {Ma'n, H Zawati and Knoppers, Bartha Maria},
	Date-Added = {2015-09-07 12:52:24 +0000},
	Date-Modified = {2015-09-07 12:52:24 +0000},
	Journal = {Genetics in medicine},
	Number = {4},
	Pages = {484--489},
	Publisher = {Nature Publishing Group},
	Title = {International normative perspectives on the return of individual research results and incidental findings in genomic biobanks},
	Volume = {14},
	Year = {2012}}

@article{wolf2013return,
	Author = {Wolf, Susan M},
	Date-Added = {2015-09-07 12:51:40 +0000},
	Date-Modified = {2015-09-07 12:51:40 +0000},
	Journal = {Annual review of genomics and human genetics},
	Pages = {557--577},
	Publisher = {Annual Reviews},
	Title = {Return of individual research results and incidental findings: facing the challenges of translational science},
	Volume = {14},
	Year = {2013}}

@article{wolf2012managing,
	Author = {Wolf, Susan M and Crock, Brittney N and Van Ness, Brian and Lawrenz, Frances and Kahn, Jeffrey P and Beskow, Laura M and Cho, Mildred K and Christman, Michael F and Green, Robert C and Hall, Ralph and others},
	Date-Added = {2015-09-07 12:51:02 +0000},
	Date-Modified = {2015-09-07 12:51:02 +0000},
	Journal = {Genetics in Medicine},
	Number = {4},
	Pages = {361--384},
	Publisher = {Nature Publishing Group},
	Title = {Managing incidental findings and research results in genomic research involving biobanks and archived data sets},
	Volume = {14},
	Year = {2012}}

@article{wolf2008managing,
	Author = {Wolf, Susan M and Lawrenz, Frances P and Nelson, Charles A and Kahn, Jeffrey P and Cho, Mildred K and Clayton, Ellen Wright and Fletcher, Joel G and Georgieff, Michael K and Hammerschmidt, Dale and Hudson, Kathy and others},
	Date-Added = {2015-09-07 12:49:56 +0000},
	Date-Modified = {2015-09-07 12:49:56 +0000},
	Journal = {The Journal of law, medicine \&amp; ethics},
	Number = {2},
	Pages = {219--248},
	Publisher = {Wiley Online Library},
	Title = {Managing incidental findings in human subjects research: analysis and recommendations},
	Volume = {36},
	Year = {2008}}

@article{virani2014ethical,
	Author = {Virani, Alice Hawkins and Longstaff, Holly},
	Date-Added = {2015-09-07 12:49:04 +0000},
	Date-Modified = {2015-09-07 12:49:04 +0000},
	Journal = {Journal of genetic counseling},
	Number = {3},
	Pages = {428--432},
	Publisher = {Springer},
	Title = {Ethical considerations in biobanks: how a public health ethics perspective sheds new light on old controversies},
	Volume = {24},
	Year = {2014}}

@article{Arnason:2014ab,
	Author = {Vilhj{\'a}lmur {\'A}rnason and J{\'o}runn Erla Eyfj{\"o}rð and Vigd{\'\i}s Stef{\'a}nsd{\'o}ttir and J{\'o}n Sn{\ae}dal and Stef{\'a}n Hj{\"o}rleifsson},
	Date-Added = {2015-09-07 12:45:38 +0000},
	Date-Modified = {2015-09-07 12:47:15 +0000},
	Journal = {L{\ae}knablaðið},
	Number = {3},
	Title = {{\AE}tti að segja þ{\'a}tttakendum {\'\i} v{\'\i}sindaranns{\'o}knum um st{\"o}kkbreytingar {\'\i} þeirra eigin BRCA-genum?},
	Volume = {100},
	Year = {2014}}

@incollection{Arnason:2014aa,
	Author = {Vilhj{\'a}lmur {\'A}rnason},
	Booktitle = {Hugsm{\'\i}ðar. Um siðferði, stj{\'o}rnm{\'a}l og samf{\'e}lag},
	Date-Added = {2015-09-07 12:44:31 +0000},
	Date-Modified = {2015-09-07 12:45:34 +0000},
	Publisher = {Reykjav{\'\i}k: H{\'a}sk{\'o}la{\'u}tg{\'a}fan og Siðfr{\ae}ðistofnun},
	Title = {Heimild fyrir gagnagrunnsranns{\'o}knum},
	Year = {2014}}

@incollection{Arnason:2011aa,
	Author = {Vilhj{\'a}lmur {\'A}rnason},
	Booktitle = {Siðfr{\ae}ði og samf{\'e}lag},
	Date-Added = {2015-09-07 12:41:30 +0000},
	Date-Modified = {2015-09-07 12:43:45 +0000},
	Editor = {Salv{\"o}r Nordal og Vilhj{\'a}lmur {\'A}rnason},
	Publisher = {Reykjav{\'\i}k: Siðfr{\ae}ðistofnun og H{\'a}sk{\'o}la{\'u}tg{\'a}fan},
	Title = {L{\'\i}fp{\'o}lit{\'\i}k {\'\i} l{\'y}ðr{\ae}ðissamf{\'e}lagi},
	Year = {2011}}

@book{Arnason:2003aa,
	Author = {Vilhj{\'a}lmur {\'A}rnason},
	Booktitle = {Erfiðar {\'a}kvarðanir {\'\i} heilbrigðisþj{\'o}nustu},
	Date-Added = {2015-09-07 12:36:25 +0000},
	Date-Modified = {2015-09-07 12:40:59 +0000},
	Publisher = {Reykjav{\'\i}k: Siðfr{\ae}ðistofun og H{\'a}sk{\'o}la{\'u}tg{\'a}fan},
	Title = {Siðfr{\ae}ði l{\'\i}fs og dauða. Erfiðar {\'a}kvarðanir {\'\i} heilbrigðisþj{\'o}nustu},
	Year = {2003}}

@article{tabor2011genomics,
	Author = {Tabor, Holly K and Berkman, Benjamin E and Hull, Sara Chandros and Bamshad, Michael J},
	Date-Added = {2015-09-07 12:35:52 +0000},
	Date-Modified = {2015-09-07 12:35:52 +0000},
	Journal = {American Journal of Medical Genetics Part A},
	Number = {12},
	Pages = {2916--2924},
	Publisher = {Wiley Online Library},
	Title = {Genomics really gets personal: how exome and whole genome sequencing challenge the ethical framework of human genetics research},
	Volume = {155},
	Year = {2011}}

@incollection{simm20144,
	Author = {Simm, Kadri},
	Booktitle = {The Right to Know and the Right Not to Know},
	Date-Added = {2015-09-07 12:33:19 +0000},
	Date-Modified = {2015-09-07 12:34:59 +0000},
	Editor = {Chadwick, Ruth and Levitt, Mairi and Shickle, Darren},
	Journal = {The Right to Know and the Right Not to Know: Genetic Privacy and Responsibility},
	Pages = {55-79},
	Publisher = {Cambridge University Press},
	Title = {Biobanks and feedback},
	Year = {2014}}

@incollection{Kristinsson:2011aa,
	Author = {Sigurður Kristinsson},
	Booktitle = {Siðfr{\ae}ði og samf{\'e}lag.},
	Date-Added = {2015-09-07 12:30:21 +0000},
	Date-Modified = {2015-09-07 12:32:21 +0000},
	Editor = {Salv{\"o}r Nordal og Vilhj{\'a}lmur {\'A}rnason},
	Pages = {189--206},
	Publisher = {Siðfr{\ae}ðistofnun og H{\'a}sk{\'o}la{\'u}tg{\'a}fan},
	Title = {Hvaða m{\'a}li skipti uppl{\'y}st samþykki?},
	Year = {2011,}}

@incollection{Kristinsson:2003aa,
	Author = {Sigurður Kristinsson},
	Booktitle = {Handb{\'o}k {\'\i} aðferðafr{\ae}ði og ranns{\'o}knum {\'\i} heilbrigðisv{\'\i}sindum},
	Date-Added = {2015-09-07 12:27:31 +0000},
	Date-Modified = {2015-09-07 12:28:53 +0000},
	Editor = {Sigr{\'\i}ður Halld{\'o}rsd{\'o}ttir og Kristj{\'a}n Kristj{\'a}nsson},
	Pages = {161-179},
	Publisher = {H{\'a}sk{\'o}linn {\'a} Akureyri},
	Title = {Siðfr{\ae}ði ranns{\'o}kna og siðanefndir},
	Year = {2003}}

@article{ravitsky2006disclosing,
	Author = {Ravitsky, Vardit and Wilfond, Benjamin S},
	Date-Added = {2015-09-07 12:24:24 +0000},
	Date-Modified = {2015-09-07 12:24:24 +0000},
	Journal = {The American Journal of Bioethics},
	Number = {6},
	Pages = {8--17},
	Publisher = {Taylor \&amp; Francis},
	Title = {Disclosing individual genetic results to research participants},
	Volume = {6},
	Year = {2006}}

@article{weiner2014anticipate,
	Author = {Weiner, Christine},
	Date-Added = {2015-09-07 12:23:24 +0000},
	Date-Modified = {2015-09-07 12:23:24 +0000},
	Journal = {American journal of epidemiology},
	Pages = {kwu217},
	Publisher = {Oxford Univ Press},
	Title = {Anticipate and communicate: Ethical management of incidental and secondary findings in the clinical, research, and direct-to-consumer contexts (December 2013 report of the Presidential Commission for the Study of Bioethical Issues)},
	Year = {2014}}

@incollection{parodi2015biobanks,
	Author = {Parodi, Barbara},
	Booktitle = {Ethics, Law and Governance of Biobanking},
	Date-Added = {2015-09-07 12:20:59 +0000},
	Date-Modified = {2015-09-07 12:22:04 +0000},
	Editor = {Mascalzoni, Deborah},
	Pages = {15--19},
	Publisher = {Springer Science and Buisness Media},
	Title = {Biobanks: A Definition},
	Year = {2015}}

@article{ormond2014translating,
	Author = {Ormond, Kelly E and Cho, Mildred K},
	Date-Added = {2015-09-07 12:20:03 +0000},
	Date-Modified = {2015-09-07 12:20:03 +0000},
	Journal = {Personalized medicine},
	Number = {2},
	Pages = {211--222},
	Publisher = {Future Medicine},
	Title = {Translating personalized medicine using new genetic technologies in clinical practice: the ethical issues},
	Volume = {11},
	Year = {2014}}

@article{o2001informed,
	Author = {O'Neill, Onora},
	Date-Added = {2015-09-07 12:18:52 +0000},
	Date-Modified = {2015-09-07 12:18:52 +0000},
	Journal = {Studies in History and Philosophy of Science Part C: Studies in History and Philosophy of Biological and Biomedical Sciences},
	Number = {4},
	Pages = {689--704},
	Publisher = {Elsevier},
	Title = {Informed consent and genetic information},
	Volume = {32},
	Year = {2001}}

@article{oliver2012balancing,
	Author = {Oliver, JM and Slashinski, MJ and Wang, T and Kelly, PA and Hilsenbeck, SG and McGuire, AL},
	Date-Added = {2015-09-07 12:18:17 +0000},
	Date-Modified = {2015-09-07 12:18:17 +0000},
	Journal = {Public Health Genomics},
	Number = {2},
	Pages = {106--114},
	Publisher = {Karger Publishers},
	Title = {Balancing the risks and benefits of genomic data sharing: genome research participants' perspectives},
	Volume = {15},
	Year = {2012}}

@webpage{Nuffield:2014aa,
	Author = {Nuffield Council on Bioethics},
	Date-Added = {2015-09-07 12:10:03 +0000},
	Date-Modified = {2015-09-07 12:17:19 +0000},
	Title = {The collection, linking and use of data in biomedical research and health care: Ethical issues},
	Url = {http://nuffieldbioethics.org/wp-content/uploads/Biological_and_health_data_web.pdf},
	Year = {2014},
	Bdsk-Url-1 = {http://nuffieldbioethics.org/wp-content/uploads/Biological_and_health_data_web.pdf}}

@article{mascalzoni2014rare,
	Author = {Mascalzoni, Deborah and Paradiso, Angelo and Hansson, Matts},
	Date-Added = {2015-09-07 12:06:42 +0000},
	Date-Modified = {2015-09-07 12:06:42 +0000},
	Journal = {Applied \&amp; Translational Genomics},
	Number = {2},
	Pages = {23--29},
	Publisher = {Elsevier},
	Title = {Rare disease research: Breaking the privacy barrier},
	Volume = {3},
	Year = {2014}}

@article{lidz2002therapeutic,
	Author = {Lidz, Charles W and Appelbaum, Paul S},
	Date-Added = {2015-09-07 12:05:06 +0000},
	Date-Modified = {2015-09-07 12:05:29 +0000},
	Journal = {Medical care},
	Number = {9},
	Pages = {55--63},
	Publisher = {LWW},
	Title = {The therapeutic misconception: problems and solutions},
	Volume = {40},
	Year = {2002}}

@article{li2009genotype,
	Author = {Li, Yun and Willer, Cristen and Sanna, Serena and Abecasis, Gon{\c{c}}alo},
	Date-Added = {2015-09-07 12:03:40 +0000},
	Date-Modified = {2015-09-07 12:04:21 +0000},
	Journal = {Annual review of genomics and human genetics},
	Pages = {387--406},
	Publisher = {NIH Public Access},
	Title = {Genotype imputation},
	Url = {http://www.ncbi.nlm.nih.gov/pmc/articles/PMC2925172/},
	Volume = {10},
	Year = {2009},
	Bdsk-Url-1 = {http://www.ncbi.nlm.nih.gov/pmc/articles/PMC2925172/}}

@article{laurie2014recognizing,
	Author = {Laurie, Graeme},
	Date-Added = {2015-09-07 12:02:29 +0000},
	Date-Modified = {2015-09-07 12:02:29 +0000},
	Journal = {The Journal of Law, Medicine \&amp; Ethics},
	Number = {1},
	Pages = {53--63},
	Publisher = {Wiley Online Library},
	Title = {Recognizing the right not to know: conceptual, professional, and legal implications},
	Volume = {42},
	Year = {2014}}

@article{knoppers2014introduction,
	Author = {Knoppers, Bartha Maria},
	Date-Added = {2015-09-07 12:01:25 +0000},
	Date-Modified = {2015-09-07 12:01:25 +0000},
	Journal = {The Journal of Law, Medicine \&amp; Ethics},
	Number = {1},
	Pages = {6--10},
	Publisher = {Wiley Online Library},
	Title = {Introduction: from the right to know to the right not to know},
	Volume = {42},
	Year = {2014}}

@article{knoppers2013population,
	Author = {Knoppers, Bartha Maria and Desch{\^e}nes, Mylene and Ma'n, H Zawati and Tass{\'e}, Anne Marie},
	Date-Added = {2015-09-07 11:58:06 +0000},
	Date-Modified = {2015-09-07 11:58:06 +0000},
	Journal = {European Journal of Human Genetics},
	Number = {3},
	Pages = {245--247},
	Publisher = {Nature Publishing Group},
	Title = {Population studies: return of research results and incidental findings Policy Statement},
	Volume = {21},
	Year = {2013}}

@article{knoppers2006emergence,
	Author = {Knoppers, Bartha Maria and Joly, Yann and Simard, Jacques and Durocher, Francine},
	Date-Added = {2015-09-07 11:57:18 +0000},
	Date-Modified = {2015-09-07 11:57:18 +0000},
	Journal = {European Journal of Human Genetics},
	Number = {11},
	Pages = {1170--1178},
	Publisher = {Nature Publishing Group},
	Title = {The emergence of an ethical duty to disclose genetic research results: international perspectives},
	Volume = {14},
	Year = {2006}}

@book{klitzman2012my,
	Author = {Klitzman, Robert L},
	Date-Added = {2015-09-07 11:55:39 +0000},
	Date-Modified = {2015-09-07 11:55:39 +0000},
	Publisher = {Oxford University Press},
	Title = {Am I My Genes?: Confronting Fate and Family Secrets in the Age of Genetic Testing},
	Year = {2012}}

@article{kaye2014dynamic,
	Author = {Kaye, Jane and Whitley, Edgar A and Lund, David and Morrison, Michael and Teare, Harriet and Melham, Karen},
	Date-Added = {2015-09-07 11:53:31 +0000},
	Date-Modified = {2015-09-07 11:53:59 +0000},
	Journal = {European Journal of Human Genetics},
	Pages = {141--146},
	Publisher = {Nature Publishing Group},
	Title = {Dynamic consent: a patient interface for twenty-first century research networks},
	Year = {2014}}

@article{husted20142,
	Author = {Husted, J{\o}rgen},
	Date-Added = {2015-09-07 11:51:26 +0000},
	Date-Modified = {2015-09-07 11:52:07 +0000},
	Journal = {The Right to Know and the Right Not to Know: Genetic Privacy and Responsibility},
	Pages = {24--37},
	Publisher = {Cambridge University Press},
	Title = {Autonomy and a right not to know},
	Year = {2014}}

@article{hill1973servility,
	Author = {Hill, Thomas E},
	Date-Added = {2015-09-07 11:49:33 +0000},
	Date-Modified = {2015-09-07 11:49:33 +0000},
	Journal = {The Monist},
	Pages = {87--104},
	Publisher = {JSTOR},
	Title = {Servility and self-respect},
	Year = {1973}}

@article{helgesson2014autonomy,
	Author = {Helgesson, Gert},
	Date-Added = {2015-09-07 11:43:18 +0000},
	Date-Modified = {2015-09-07 11:43:18 +0000},
	Journal = {The Journal of Law, Medicine \&amp; Ethics},
	Number = {1},
	Pages = {28--37},
	Publisher = {Wiley Online Library},
	Title = {Autonomy, the Right Not to Know, and the Right to Know Personal Research Results: What Rights Are There, and Who Should Decide about Exceptions?},
	Volume = {42},
	Year = {2014}}

@incollection{hayry2007american,
	Author = {H{\"a}yry, Matti and Takala, Tuija},
	Booktitle = {The Ethics and Governance of Human Genetic Databases. European Perspectives},
	Date-Added = {2015-09-07 11:39:08 +0000},
	Date-Modified = {2015-09-07 11:42:43 +0000},
	Editor = {H{\"a}yry, Matti and Chadwick, Ruth and {\'A}rnason, Villhj{\'a}lmur and {\'A}rnason Garðar},
	Pages = {14--36},
	Publisher = {Cambrigde University Press},
	Title = {American principles, European values and the mezzanine rules of ethical genetic databanking},
	Year = {2007}}

@article{hayry2003european,
	Author = {H{\"a}yry, Matti},
	Date-Added = {2015-09-07 11:38:09 +0000},
	Date-Modified = {2015-09-07 11:38:09 +0000},
	Journal = {Theoretical medicine and bioethics},
	Number = {3},
	Pages = {199--214},
	Publisher = {Springer},
	Title = {European values in bioethics: why, what, and how to be used},
	Volume = {24},
	Year = {2003}}

@article{COR:CAULFIELD:2015:4,
	Author = {Caulfield, Timothy},
	Date-Added = {2015-09-07 10:45:23 +0000},
	Date-Modified = {2015-09-07 10:52:26 +0000},
	Doi = {10.1007/s13679-015-0163-x},
	Journal = {Current Obesity Reports},
	Keywords = {Personalized medicine; Genetic testing; Obesity policy; Law},
	Number = {3},
	Pages = {319--323},
	Publisher = {Springer US},
	Title = {Obesity Genes, Personalized Medicine, and Public Health Policy},
	Volume = {4},
	Year = {2015},
	Bdsk-Url-1 = {http://dx.doi.org/10.1007/s13679-015-0163-x}}

@article{AJMG:BURKE:2014:166,
	Abstract = {
The return of individual results to research participants has been vigorously debated. Consensus statements indicate that researchers and bioethicists consider the return of research results most appropriate when the findings are clinically relevant. Even when clinical utility is the motivator, however, the return of individual research results is not equivalent to clinical care. There are important differences in the domains of research and medical care, both from a legal standpoint and in terms of the ethical responsibilities of clinicians and researchers. As a corollary, researchers risk promoting a therapeutic misconception if they create quasi-clinical settings for return of clinically relevant research results. Rather, efforts should be focused on clarity in the provision of research results, appropriate caveats and, most important, appropriate referrals when the results may be helpful to consider in medical care. {\copyright} 2014 Wiley Periodicals, Inc.
},
	Author = {Burke, Wylie and Evans, Barbara J and Jarvik, Gail P},
	Date-Added = {2015-09-07 10:35:23 +0000},
	Date-Modified = {2015-09-07 10:39:59 +0000},
	Doi = {10.1002/ajmg.c.31393},
	Issn = {1552-4876},
	Journal = {American Journal of Medical Genetics Part C: Seminars in Medical Genetics},
	Number = {1},
	Pages = {105--111},
	Title = {Return of results: Ethical and legal distinctions between research and clinical care},
	Url = {http://dx.doi.org/10.1002/ajmg.c.31393},
	Volume = {166},
	Year = {2014},
	Bdsk-Url-1 = {http://dx.doi.org/10.1002/ajmg.c.31393}}

@article{LSSP:BOECKHOUT:2015:11,
	Abstract = {Biobanking, the large-scale, systematic collection of data and tissue for open-ended research purposes, is on the rise, particularly in clinical research. The infrastructures for the systematic procurement, management and eventual use of human tissue and data are positioned between healthcare and research. However, the positioning of biobanking infrastructures and transfer of tissue and data between research and care is not an innocuous go-between. Instead, it involves changes in both domains and raises issues about how distinctions between research and care are drawn and policed. Based on an analysis of the emergence and development of clinical biobanking in the Netherlands, this article explores how processes of bio-objectification associated with biobanking arise, redefining the ways in which distinctions between research and clinical care are governed.},
	Author = {Boeckhout, Martin and Douglas, Conor M.W.},
	Date-Added = {2015-09-07 10:34:59 +0000},
	Date-Modified = {2015-09-07 10:39:33 +0000},
	Doi = {10.1186/s40504-015-0025-z},
	Issn = {2195-7819},
	Journal = {Life Sciences, Society and Policy},
	Number = {1},
	Pages = {7},
	Pubmedid = {26246123},
	Title = {Governing the research-care divide in clinical biobanking: Dutch perspectives},
	Url = {http://www.lsspjournal.com/content/11/1/7},
	Volume = {11},
	Year = {2015},
	Bdsk-Url-1 = {http://www.lsspjournal.com/content/11/1/7},
	Bdsk-Url-2 = {http://dx.doi.org/10.1186/s40504-015-0025-z}}

@book{BEAUCHAMP:2013,
	Author = {Beauchamp, T.L og Childress, J.F.},
	Date-Added = {2015-09-07 10:28:22 +0000},
	Date-Modified = {2015-09-07 10:28:22 +0000},
	Edition = {Seventh Edition},
	Month = {January},
	Publisher = {Oxford: Oxford University Press},
	Title = {Principles of Biomedical Ethics},
	Year = {2013}}

@incollection{CHADWICK:2014,
	Author = {Chadwick, Ruth and Levitt, Mairi and Shickle, Darren},
	Booktitle = {The right to know and the right not to know: genetic privacy and responsibility},
	Date-Modified = {2015-09-07 11:06:11 +0000},
	Edition = {Second Edition},
	Editor = {Chadwick, Ruth and Levitt, Mairi and Shickle, Darren},
	Pages = {13--23},
	Publisher = {Cambridge University Press},
	Title = {The right to know and the right not to know: the emerging debate.},
	Year = {2014}}

@article{JLME:CHO:2008,
	Author = {Cho, Mildred K},
	Journal = {The Journal of Law, Medicine \& Ethics},
	Number = {2},
	Pages = {280--285},
	Publisher = {Wiley Online Library},
	Title = {Understanding incidental findings in the context of genetics and genomics},
	Volume = {36},
	Year = {2008}}

@article{EJHG:CHRISTENHUSZ:2013,
	Author = {Christenhusz, Gabrielle M and Devriendt, Koenraad and Dierickx, Kris},
	Journal = {European Journal of Human Genetics},
	Number = {3},
	Pages = {248--255},
	Publisher = {Nature Publishing Group},
	Title = {To tell or not to tell\&quest; A systematic review of ethical reflections on incidental findings arising in genetics contexts},
	Volume = {21},
	Year = {2013}}

@article{JLME:ECHSTEIN:2014,
	Author = {Eckstein, Lisa and Garrett, Jeremy R and Berkman, Benjamin E},
	Journal = {The Journal of Law, Medicine \& Ethics},
	Number = {2},
	Pages = {190--207},
	Publisher = {Wiley Online Library},
	Title = {A framework for analyzing the ethics of disclosing genetic research findings},
	Volume = {42},
	Year = {2014}}

@article{EJHG:ERIKSSON:2005,
	Author = {Eriksson, Stefan and Helgesson, Gert},
	Journal = {European Journal of Human Genetics},
	Number = {9},
	Pages = {1071--1076},
	Publisher = {Nature Publishing Group},
	Title = {Potential harms, anonymization, and the right to withdraw consent to biobank research},
	Volume = {13},
	Year = {2005}}

@article{CCG:FABSITZ:2010,
	Author = {Fabsitz, Richard R and McGuire, Amy and Sharp, Richard R and Puggal, Mona and Beskow, Laura M and Biesecker, Leslie G and Bookman, Ebony and Burke, Wylie and Burchard, Esteban Gonzalez and Church, George and others},
	Journal = {Circulation: Cardiovascular Genetics},
	Number = {6},
	Pages = {574--580},
	Publisher = {Am Heart Assoc},
	Title = {Ethical and practical guidelines for reporting genetic research results to study participants updated guidelines from a national heart, lung, and blood institute working group},
	Volume = {3},
	Year = {2010}}

@article{EJHG:FORSBERG:2009,
	Author = {Forsberg, Joanna Stjernschantz and Hansson, Mats G and Eriksson, Stefan},
	Journal = {European Journal of Human Genetics},
	Number = {12},
	Pages = {1544--1549},
	Publisher = {Nature Publishing Group},
	Title = {Changing perspectives in biobank research: from individual rights to concerns about public health regarding the return of results},
	Volume = {17},
	Year = {2009}}

@incollection{ARNASON:2007,
	Author = {Garðar {\'A}rnason},
	Booktitle = {The ethics and governance of human genetic databases: European perspectives},
	Date-Modified = {2015-09-07 12:47:54 +0000},
	Editor = {H{\"a}yry, Matti and Chadwick, Ruth and {\'A}rnason, Vilhj{\'a}lmur and {\'A}rnason, Garðar},
	Pages = {11--13},
	Publisher = {Cambridge University Press},
	Title = {On human genetic databases},
	Volume = {4},
	Year = {2007}}
